<record><leader>00000cas a2200000Ia 4500</leader><controlfield tag="001">9144024</controlfield><controlfield tag="008">830119d19061924ohuwr ne      0   a0eng d</controlfield><controlfield tag="009">9</controlfield><datafield ind1=" " ind2=" " tag="010"><subfield code="a">sn 89075248 </subfield></datafield><datafield ind1=" " ind2=" " tag="040"><subfield code="a">BGU</subfield><subfield code="c">BGU</subfield><subfield code="d">ONP</subfield></datafield><datafield ind1=" " ind2=" " tag="043"><subfield code="a">n-us-oh</subfield></datafield><datafield ind1="0" ind2="0" tag="245"><subfield code="a">Wood County sentinel-tribune.</subfield></datafield><datafield ind1="0" ind2="0" tag="246"><subfield code="a">Wood County sentinel tribune</subfield></datafield><datafield ind1=" " ind2=" " tag="260"><subfield code="a">Bowling Green, Ohio :</subfield><subfield code="b">The Sentinel Co.,</subfield><subfield code="c">1906-1924.</subfield></datafield><datafield ind1=" " ind2=" " tag="300"><subfield code="a">16 v. :</subfield><subfield code="b">ill. ;</subfield><subfield code="c">59 cm.</subfield></datafield><datafield ind1=" " ind2=" " tag="310"><subfield code="a">Weekly</subfield></datafield><datafield ind1="0" ind2=" " tag="362"><subfield code="a">Vol. 41, no. 39 (Dec. 20, 1906)-35th yr., no. 129 (Dec. 31, 1924)</subfield></datafield><datafield ind1=" " ind2=" " tag="752"><subfield code="a">United States</subfield><subfield code="b">Ohio</subfield><subfield code="c">Wood</subfield><subfield code="d">Bowling Green.</subfield></datafield><datafield ind1="0" ind2="4" tag="780"><subfield code="t">Wood County sentinel (Bowling Green, Ohio : 1892)</subfield></datafield><datafield ind1="0" ind2="4" tag="780"><subfield code="t">Wood County tribune</subfield><subfield code="w">(DLC)sn 89075247</subfield></datafield></record>